@article{reveng,
  title     = {How Does Reverse Engineering Work?},
  author    = {Thayer, Ken},
  url       = {https://insights.globalspec.com/article/7367/how-does-reverse-engineering-work},
  year      = {2017},
  publisher = {IEEE Global Spec.}
}

@book{codeobf,
  title     = {Code Obfuscation against Static and Dynamic Reverse Engineering},
  author    = {Schrittwieser S., Katzenbeisser S.},
  year      = {2011},
  publisher = {San Val}
}

@article{compil,
  title = {Compilation process in C},
  url   = {https://www.javatpoint.com/compilation-process-in-c},
  year  = {2010}
}

@article{elf,
  title = {Executable and Linkable Format},
  url   = {http://www.skyfree.org/linux/references/ELF_Format.pdf},
  year  = {2010}
}

@mastersthesis{stripped,
  title  = {Static Disassembly of Stripped Binaries},
  author = {Ayyangar, Arvind},
  school = {Stony Brook University},
  year   = {2010}
}

@article{disass,
  title   = {Practical analysis of stripped binary code},
  author  = {Harris, Laune and Miller, Barton},
  year    = {2005},
  journal = {SIGARCH Computer Architecture News}
}
